@article{CJI:2017,
	author = {Jiménez Izarra, Carolina},
	doi = {10.15366/rim2017.1.006},
	issn = {2530-8149},
	journal = {Revista de Investigación en Musicoterapia},
	month = {5},
	pages = {85-105},
	title = {Musicoterapia para el tratamiento de la ansiedad, depresión y somatizaciones Estudio de un caso},
	volume = {1},
	url = {https://revistas.uam.es/rim/article/view/7725},
	year = {2017},
}
@article{MO:2012,
	author = {Mireia Orgilés and Xavier Méndez and José Pedro Espada and Jose Luis Carballo and José Antonio Piqueras},
	doi = {10.1016/j.rpsm.2012.01.005},
	issn = {1888-9891},
	journal = {Revista de Psiquiatría y Salud Mental},
	pages = {115-120},
	title = {Síntomas de trastornos de ansiedad en niños y adolescentes: Diferencias en función de la edad y el sexo en una muestra comunitaria},
	volume = {5},
	number = {2},
	url = {https://www.sciencedirect.com/science/article/pii/S1888989112000237},
	year = {2012},
}

@book{CAGD:2010,
	author = {Carlos Andrés Gantiva Díaz and Andrea Luna and Ana Dávila and María José Salgado},
	issn = {1900-2386},
	issue = {1},
	journal = {Psychología: Avances de la Disciplina, ISSN-e 1900-2386, Vol. 4, Nº. 1, 2010, págs. 63-70},
	pages = {64},
	publisher = {Universidad de San Buenaventura (USB), Bogotá},
	title = {Psychología: avances de la disciplina.},
	volume = {4},
	url = {https://dialnet.unirioja.es/servlet/articulo?codigo=4923985},
	year = {2010},
}

@article{KTN:2011,
	author = {Karline Treurnicht Naylor and Shauna Kingsnorth and Andrea Lamont and Patricia McKeever and Colin Macarthur},
	doi = {10.1155/2011/464759},
	issn = {1741-427X},
	journal = {Evidence-Based Complementary and Alternative Medicine},
	pages = {1-18},
	title = {The Effectiveness of Music in Pediatric Healthcare: A Systematic Review of Randomized Controlled Trials},
	volume = {2011},
	url = {http://www.hindawi.com/journals/ecam/2011/464759/},
	year = {2011},
}

@article{JIPS:2001,
	author = {Palacios Sanz, José Ignacio},
	title = {EL CONCEPTO DE MUSICOTERAPIA A TRAVÉS DE LA HISTORIA},
	year = {2001},
	journal = {Revista Interuniversitaria de Formación del Profesorado},
	issn = {0213-8646},
	language = {Español},
	url = {https://www.redalyc.org/articulo.oa?id=27404203},
}

@software{UE:1998,
	author = {{Epic Games}},
	title = {Unreal Engine},
	url = {https://www.unrealengine.com/en-US},
	date = {1998},
}

@software{GMS:1999,
	author = {{Mark Overmars}},
	title = {Game Maker Studio},
	url = {https://gamemaker.io/en},
	date = {1999},
}

@software{RPGM:1992,
	author = {{ASCII Corporation \& Enterbrain}},
	title = {RPG Maker},
	url = {https://www.rpgmakerweb.com},
	date = {1992},
}

@software{UNITY:2005,
	author = {{Unity Technologies}},
	title = {Unity},
	url = {https://unity.com/es},
	date = {2005},
}

@software{GODOT:2001,
	author = {{Ariel Manzur \& Juan Linietsky}},
	title = {Godot Engine},
	url = {https://godotengine.org},
	date = {2001},
}

@article{PLARIUM:2024,
	title = {Lleva tus ideas a la realidad con el motor de videojuegos idóneo},
	journal = {Plarium},
	year = {2024},
	url = {https://plarium.com/es/blog/game-engine/},
	author = {Plarium},
}

@book{LADP:1883,
	edition = {1º},
	title = {Las Aventuras de Pinocho},
	publisher = {Libreria Editrice Felice Paggi},
	author = {Carlo Collodi},
	year = {1883}
}

@MISC{LORIRI:2018,
	author = {Lori Ri},
	title = {CANCIONES DE BALLENAS | Ilustraciones para un libro infantil.},
	year = {2018},
	note = {En línea; Accedido el 1 de junio de 2024},
	url = {https://www.behance.net/gallery/72179351/pesni-kitov-illjustracii-k-detskoj-knige}
}

@MISC{VAMOSS:2023,
	author = {Vamoss},
	title = {Fluid GPU-IO.},
	year = {2023},
	note = {En línea; Accedido el 1 de junio de 2024},
	url = {https://openprocessing.org/sketch/1758660}
}

@MISC{INCREDIBOX:2023,
	author = {{SO FAR SO GOOD}},
	title = {Incredibox.},
	year = {2023},
	note = {En línea; Accedido el 2 de junio de 2024},
	url = {https://www.incredibox.com/es/}
}

@MISC{ACNH:2020,
	author = {Nintendo},
	title = {Animal Crossing: New Horizons},
	url = {https://animalcrossing.nintendo.com/new-horizons/es/},
	year = {2020},
}

@MISC{GRIS:2018,
	author = {{Nomada Studio}},
	title = {Gris.},
	year = {2018},
	note = {En línea; Accedido el 2 de junio de 2024},
	url = {https://www.devolverdigital.com/games/gris}
}

@MISC{JOURNEY:2012,
	author = {{Thatgamecompany, Tricky Pixels \& SIE Santa Monica Studio}},
	title = {Journey.},
	year = {2012},
	note = {En línea; Accedido el 2 de junio de 2024},
	url = {https://thatgamecompany.com/journey/#/}
}

@MISC{FLOWER:2009,
	author = {{Thatgamecompany \& Bluepoint Games}},
	title = {Flower.},
	year = {2009},
	note = {En línea; Accedido el 2 de junio de 2024},
	url = {https://thatgamecompany.com/flower/#/}
}

@MISC{FMODSTUDIO:2024,
	author = {{FMOD Studio}},
	title = {FMOD Studio: The adaptive audio solution for games},
	year = {2024},
	note = {En línea; Accedido el 2 de junio de 2024},
	url = {https://www.fmod.com/studio}
}

@MISC{DTL:2020,
	author = {{Nintendo}},
	title = {Drawn to Life: Two Realms},
	year = {2020},
	note = {En línea; Accedido el 2 de junio de 2024},
	url = {https://www.nintendo.com/es-es/Juegos/Programas-descargables-Nintendo-Switch/Drawn-to-Life-Two-Realms-1888928.html}
}

@software{DTL:2007,
	author = {{5th Cell}},
	title = {Drawn To Life},
	url = {https://drawntolifegame.com},
	date = {2007},
}

@software{ARCAEA:2017,
	author = {{Lowiro Limited}},
	title = {Arcaea},
	url = {https://arcaea.lowiro.com/en},
	date = {2017},
}

@software{JS&B:2018,
	author = {{Berzerk Studio}},
	title = {Just Shapes \& Beats},
	url = {https://www.justshapesandbeats.com},
	date = {2017},
}

@software{BEATSABER:2018,
	author = {{Ján Ilavský}},
	title = {Beat Saber},
	url = {https://beatsaber.com},
	date = {2018},
}

@software{BPM:2020,
	author = {{Awe Interactive}},
	title = {BPM: Bullets Per Minute},
	url = {https://www.bulletsperminute.com},
	date = {2020},
}

@software{COTN:2020,
	author = {{Brace Yourself Games \& BlitWorks}},
	title = {Crypt of the NecroDancer},
	url = {https://braceyourselfgames.com/crypt-of-the-necrodancer/},
	date = {2015},
}

@software{CYTUS:2020,
	author = {{Rayark}},
	title = {Cytus},
	url = {https://rayark.com/g/cytus/},
	date = {2012},
}

@software{DISASTERBAND:2022,
	author = {{PRODUKTIVKELLER Studios}},
	title = {Disaster Band},
	url = {https://store.steampowered.com/app/2216360/Disaster_Band/},
	date = {2022},
}

@software{EBA:2005,
	author = {{iNiS}},
	title = {Elite Beat Agents},
	url = {https://nintendo.fandom.com/wiki/Elite_Beat_Agents},
	date = {2005},
}

@software{FNF:2022,
	author = {{Newgrounds \& ninjamuffin99}},
	title = {Friday Night Funkin'},
	url = {https://ninja-muffin24.itch.io/funkin},
	date = {2022},
}

@software{FUSER:2020,
	author = {{Harmonix}},
	title = {FUSER},
	url = {https://www.playstation.com/es-es/games/fuser/},
	date = {2020},
}

@software{GEOMETRYDASH:2013,
	author = {{RobTop Games}},
	title = {Geometry Dash},
	url = {https://robtopgames.com},
	date = {2013},
}

@software{GUITARHEROLIVE:2015,
	author = {{Ubisoft Leamington}},
	title = {Guitar Hero Live},
	url = {https://support.activision.com/guitar-hero-live},
	date = {2015},
}

@software{HIFIRUSH:2023,
	author = {{Tango Gameworks}},
	title = {Hi-Fi Rush},
	url = {https://bethesda.net/es-ES/game/hifirush},
	date = {2023},
}

@software{IMPOSSIBLEGAME:2009,
	author = {{Fluke Games}},
	title = {The Impossible Game},
	url = {https://impossible.game},
	date = {2009},
}

@software{LIH:2016,
	author = {{Digixart \& Midgar Studio}},
	title = {Lost in Harmony},
	url = {https://www.nintendo.com/us/store/products/lost-in-harmony-switch/},
	date = {2016},
}

@software{METALHELLSINGER:2022,
	author = {{The Outsiders}},
	title = {Metal Hellsinger},
	url = {https://www.metalhellsinger.com},
	date = {2022},
}

@software{OSU!:2007,
	author = {{Dean Lewis Herbert}},
	title = {Osu!},
	url = {https://osu.ppy.sh},
	date = {2007},
}

@software{PTR:2022,
	author = {{PlayStation}},
	title = {PaRappa the Rapper},
	url = {https://www.metalhellsinger.com},
	date = {1996},
}

@software{PATAPON:2007,
	author = {{SIE Japan Studio}},
	title = {Patapon},
	url = {https://en.wikipedia.org/wiki/Patapon},
	date = {2007},
}

@software{PIANOTILES:2014,
	author = {{Umoni Studios}},
	title = {Piano Tiles},
	date = {2014},
}

@software{PISTOLWHIP:2019,
	author = {{Cloudhead Games}},
	title = {Pistol Whip},
	url = {https://www.cloudheadgames.com/pistol-whip},
	date = {2019},
}

@software{RHF:2011,
	author = {{Kantar TNS}},
	title = {Rhythm Heaven Fever},
	url = {https://rhythmheaven.fandom.com/wiki/Rhythm_Heaven_Fever},
	date = {2011},
}

@software{SWH:2019,
	author = {{Simogo}},
	title = {Sayonara Wild Hearts},
	url = {https://annapurnainteractive.com/en/games/sayonara-wild-hearts},
	date = {2019},
}

@software{SINGSTAR:2004,
	author = {{London Studio}},
	title = {Singstar},
	url = {http://singstar.com/country-selector.html},
	date = {2004},
}

@software{SOUNDFALL:2022,
	author = {{Drastic Games}},
	title = {Soundfall},
	url = {https://www.sound-fall.com},
	date = {2022},
}

@software{TNTDS:2017,
	author = {{Bandai Namco Entertainment}},
	title = {Taiko no Tatsujin: Drum Session},
	url = {https://en.bandainamcoent.eu/taiko-no-tatsujin/taiko-no-tatsujin-drum-session},
	date = {2017},
}

@software{TFBL:2023,
	author = {{indieszero}},
	title = {Theatrhythm Final Bar Line},
	url = {https://www.square-enix-games.com/games/theatrhythm-final-bar-line},
	date = {2023},
}

@software{TLOZCOH:2019,
	author = {{Brace Yourself Games}},
	title = {TLOZ: Cadence of Hyrule},
	url = {https://braceyourselfgames.com/cadence-of-hyrule/},
	date = {2019},
}

@software{TROMBONECHAMP:2022,
	author = {{Holy Wow Studios LLC}},
	title = {Trombone Champ},
	url = {https://www.trombonechamp.com},
	date = {2022},
}

@software{VOEZ:2016,
	author = {{Rayark \& Esquadra}},
	title = {VOEZ},
	url = {https://rayark.com/g/voez/},
	date = {2016},
}

@MISC{LEMMINGS:2024,
	author = {{Exient}},
	title = {Lemmings},
	year = {2024},
	note = {En línea; Accedido el 4 de junio de 2024},
	url = {https://exient.io/games/lemmings/}
}

@software{LEMMINGS:1991,
	author = {{DMA Design}},
	title = {Lemmings},
	url = {https://www.lemmingsuniverse.net/games.html},
	date = {1991},
}

@book{APA:2013,
	author = {{American Psychological Association}},
	doi = {10.1176/appi.books.9780890425596},
	isbn = {978-0-89042-554-1 (Hardcover); 978-0-89042-555-8 (Paperback)},
	journal = {Diagnostic and statistical manual of mental disorders: DSM-5™, 5th ed.},
	pages = {947, xliv, 947-xliv},
	publisher = {American Psychiatric Publishing, Inc.},
	title = {Diagnostic and statistical manual of mental disorders: DSM-5™, 5th ed.},
	year = {2013},
}

@article{APA:2020,
	author = {{American Psychological Association}},
	title = {Anxiety},
	year = {2020},
	url = {https://www.apa.org/topics/anxiety},
}

@book{BARLOW:2002,
	author = {David H. Barlow},
	isbn = {9781593850289},
	pages = {704},
	publisher = {Guilford Press},
	title = {Anxiety and its disorders : the nature and treatment of anxiety and panic},
	url = {https://books.google.es/books?hl=es&lr=&id=Lx9hf-3ZJCQC&oi=fnd&pg=PA1&dq=Anxiety+and+its+disorders:+The+nature+and+treatment+of+anxiety+and+panic,+2nd+ed.&ots=WjtrGxiK9l&sig=FRLuQfExc_VaPdIiLOyKLIp8iXo#v=onepage&q=Anxiety and its disorders: The nature and treatment of anxiety and panic, 2nd ed.&f=false},
	year = {2002},
}

@book{CLARK:2011,
	title={Cognitive Therapy of Anxiety Disorders: Science and Practice},
	author={Clark, D.A. and Beck, A.T.},
	isbn={9781609189921},
	url={https://books.google.es/books?id=QpG9NvKh7L0C},
	year={2011},
	publisher={Guilford Publications}
}

@article{CRASKE:2016,
	author = {Michelle G Craske and Murray B Stein},
	issn = {0140-6736},
	issue = {10063},
	journal = {The Lancet},
	month = {12},
	note = {doi: 10.1016/S0140-6736(16)30381-6},
	pages = {3048-3059},
	publisher = {Elsevier},
	title = {Anxiety},
	volume = {388},
	url = {https://doi.org/10.1016/S0140-6736(16)30381-6},
	year = {2016},
}

@article{KESSLER:2005,
	author = {Kessler, Ronald C. and Chiu, Wai Tat and Demler, Olga and Walters, Ellen E.},
	title = "{Prevalence, Severity, and Comorbidity of 12-Month DSM-IV Disorders in the National Comorbidity Survey Replication}",
	journal = {Archives of General Psychiatry},
	volume = {62},
	number = {6},
	pages = {617-627},
	year = {2005},
	month = {06},
	issn = {0003-990X},
	doi = {10.1001/archpsyc.62.6.617},
	url = {https://doi.org/10.1001/archpsyc.62.6.617},
}

@article{STEIN:2008,
	author = {Murray B Stein and Dan J Stein},
	doi = {10.1016/S0140-6736(08)60488-2},
	issn = {0140-6736},
	issue = {9618},
	journal = {The Lancet},
	month = {3},
	note = {doi: 10.1016/S0140-6736(08)60488-2},
	pages = {1115-1125},
	publisher = {Elsevier},
	title = {Social anxiety disorder},
	volume = {371},
	url = {https://doi.org/10.1016/S0140-6736(08)60488-2},
	year = {2008},
}

@article{YEHUDA:2002,
	author = {Rachel Yehuda},
	title = {Post-Traumatic Stress Disorder},
	journal = {New England Journal of Medicine},
	volume = {346},
	number = {2},
	pages = {108-114},
	year = {2002},
	doi = {10.1056/NEJMra012941},
	url = {https://www.nejm.org/doi/full/10.1056/NEJMra012941},
}

% UTILIZAR EN EL MARCO TEÓRICO: PORCENTAJE DE PREVALENCIA DE ANSIEDAD EN PERSONAS MAYORES DE 65 AÑOS.
@article{GEC:2019,
	title = {Prevalencia de los trastornos de ansiedad en las personas mayores de 65 años: una revisión sistemática},
	journal = {Revista Española de Geriatría y Gerontología},
	volume = {54},
	number = {1},
	pages = {34-48},
	year = {2019},
	issn = {0211-139X},
	doi = {https://doi.org/10.1016/j.regg.2018.05.009},
	url = {https://www.sciencedirect.com/science/article/pii/S0211139X18305833},
	author = {Giovanna Elizabeth Cisneros and Berta Ausín},
}
